@article{McF11,
author = {McFedries, Paul },
title = {The Coming of Data Deluge},
journal = {IEEE Spectrum},
year = {2011},
month = {2011}
}
@article{Phi14,
author = {Chen, Philip and Zhang, Chun-Yang },
title = {Data-intensive Applications, Challenges, Techniques and Technologies: A Survey on Big Data},
journal = {Information Sciences},
year = {2014},
pages = {314-47}
}
@inproceedings{Alo061,
author = {Halevy, Aron and Franklin, Michael and Maier, David },
title = {Principles of dataspace systems},
year = {2006},
publisher = {ACM},
pages = {1-9}
}
@article{Rah00,
author = {Rahm, Erhard and Do, Hong Hai},
title = {Data cleaning: Problems and current approaches},
journal = {IEEE Data Eng. Bull.},
year = {2000},
pages = {3-13}
}
@article{Sur11,
author = {Chaudhuri, Sujarit and Dayal, Umeshwar and Vivek, Narasayya },
title = {An overview of business intelligence technology},
journal = {Comm. ACM},
year = {2011},
volume = {54},
pages = {88-98}
}
@article{Mic05,
author = {Franklin, Michale and Halevy, Aron and Maier, David },
title = {From databases to dataspaces: a new abstraction for information management},
journal = {ACM Sigmod Record},
year = {2005},
volume = {34},
pages = {27-33}
}
@inproceedings{HJL97,
author = {Lenz, H-J. and Shostani, A },
title = {Summarizability in OLAP and statistical data bases},
year = {1997},
publisher = {IEEE},
pages = {132-143}
}
@article{Tap14,
author = {Niemi, Tapio and Niinim채ki, Marko and Thanisch, Peter and Nummenmaa, Jyrki },
title = {Detecting summarizability in OLAP},
journal = {Data and Knowledge Engineering},
year = {2014},
pages = {1-20}
}
@book{Har12,
author = {Harinath, Sivakumar and Pihlgren, Ronald and Guang-Yeu Lee, Denny and Sirmon, John and Bruckner, Roert R.},
title = {Professional Microsoft SQL Server 2012 Analysis Services with MDX and DAX},
year = {2012},
publisher = {Wiley & Sons}
}
@inproceedings{Dit06,
author = {Dittrich, Jens-Peter },
title = {iMeMex: A platform for personal dataspace management},
year = {2006},
publisher = {ACM},
pages = {40-43}
}
@article{Moi15,
author = {Moilanen, K. and Niemi, T. and N채ppil채, T. and Kuru, M. },
title = {A visual XML dataspace approach for satisfying ad hoc information needs},
journal = {Journal of the Association for Information Science and Technology},
year = {2015},
volume = {66},
pages = {2304-2320}
}
@article{Nii09,
author = {Niinimaki, Marko and Niemi, Tapio },
title = {An ETL process for OLAP using RDF/OWL ontologies},
journal = {Journal on Data Semantics},
year = {2009},
publisher = {Springer},
volume = {XIII},
pages = {97-119}
}
@book{Gri14,
author = {Grinberg, Miguel },
title = { Flask web development: developing web applications with Python},
year = {2014},
publisher = {O'Reilly Media}
}
@book{Way16,
author = {Winston, Wayne },
address = {Redmond},
title = {Microsoft Excel Data Analysis and Business Modeling},
year = {2016},
publisher = {Microsoft Press}
}
@article{DeM16,
author = {De Mauro, Andrea and Greco, Marco and Grimaldi, Michele },
title = {A formal definition of Big Data based on its essential features},
journal = {Library Review},
year = {2016},
volume = {65},
pages = {122-135}
}
@inproceedings{Don13,
author = {Dong, X.L. and Srivastava, D. },
title = {Big Data Integration},
year = {2013}
}
@inproceedings{Nii181,
author = {Niinimaki, M. and Thanisch, P. and Chanyalik, K. and Nacional, T. and Yaowapanee, P },
address = {Bangkok, Thailand},
title = {Dataspace Management for Large Data Sets},
year = {2018}
}
@techreport{Sim12,
author = {Simoes, A. },
title = {The Observatory: Designing Data-Driven Decision Making Tools},
year = {2012},
publisher = {MIT M.Sc. Thesis}
}
@inproceedings{Vas,
author = {Vassiliadis, P. and Simitsis, A. and Skiadopoulos, S. },
title = {Conceptual modeling for ETL processes},
publisher = {ACM},
pages = {14-21}
}
@inproceedings{Adl07,
author = {Adler, D. and Nenadic, O. and Zucchini, W. and Glaser, C },
address = {Ames, Iowa, USA},
title = { The ff package: Handling Large Data Sets in R with Memory Mapped Pages of Binary Flat Files},
year = {2007}
}
@inproceedings{Hus09,
author = {Husain, MF and Doshi, P and L, Khan and B, Thuraisingham },
title = {Storage and retrieval of large rdf graph using hadoop and mapreduce},
year = {2009}
}
@inproceedings{Kaw16,
author = {Kawises, J and Vatanawood, W },
title = { A development of RDF data transfer and query on Hadoop Framework},
year = {2016}
}
@inproceedings{Sch14,
author = {Sch채tzle, A. and Przyjaciel-Zablocki, M. and Neu, A. and Lausen, G },
title = {Sempala: interactive SPARQL query processing on hadoop},
year = {2014}
}
@article{Nie07,
author = {Niemi, Tapio and Toivonen, Santtu and Niinimaki, Marko },
title = {Ontologies with semantic web/grid in data integration for OLAP},
journal = {International Journal on Semantic Web and Information Systems (IJSWIS) },
year = {2007},
publisher = {IGI},
volume = {3},
pages = {25-49}
}



